3050 4706
400 387 976 460 Lucronlnnnuvono
1032 418 1041 471 t
1157 394 1201 486 vij

171 521 351 636 ¹adjuncti
357 555 479 604 onem
490 521 759 626 expostulaiit
771 530 964 626 propositi
978 513 1114 620 tenax,
1126 533 1201 609 ob-¹

53 674 55 678 '
171 665 376 762 tinuitque
393 661 738 740 consentientibus
752 660 863 736 ultro
877 664 1107 761 reipublicae
1127 665 1200 739 ad-

171 800 373 886 ministris.
398 791 676 894 Manuscripto
708 797 829 887 hujus
856 799 988 896 operis
1015 799 1202 876 nondum
1238 798 1242 803 ’

171 1067 407 1164 adhucdum
428 1068 631 1144 constabat
653 1067 697 1140 in
720 1065 919 1142 schedulis
944 1067 1089 1164 quibus
1117 1067 1201 1142 sin·
1215 1071 1221 1114 s

170 1199 906 1298 galatim,inscripseratpraelusoriam
926 1209 1131 1279 novorum
1145 1228 1202 1302 ge·

169 1359 318 1428 nerum
345 1337 609 1450 etspecierum
633 1335 954 1412 delineationem.

127 1506 132 1516 '
206 1473 209 1478 ⁶
226 1491 273 1562 In
290 1515 334 1564 re
350 1490 537 1565 herbaria
557 1515 703 1589 parum
720 1517 790 1589 ego
806 1505 984 1571 versatus
994 1491 1202 1568 'schedulas

60 1623 65 1632 '
169 1607 258 1698 illas
278 1594 455 1698 examini
476 1623 774 1700 nonnullorum
794 1623 1078 1702 botanicorum
1105 1626 1224 1730 sub-·
1261 1650 1267 1658 ·

164 1739 246 1854 'jeci
265 1785 442 1856 quorum
463 1759 629 1862 innixus
648 1759 846 1853 consiliis,
869 1758 1033 1834 editoris
1053 1773 1204 1834 munus

168 1893 273 1966 mihi
299 1921 322 1967 a
344 1893 620 1991 proficiscente
650 1905 764 1991 patre
793 1894 1032 1970 mandatum
1060 1881 1204 1978 melius

162 2004 332 2124 'explere
346 2055 511 2126 possem.
522 2028 611 2102 Hos
623 2029 730 2122 inter
743 2015 856 2104 fuere
867 2030 1014 2127 quibus
1027 2028 1204 2126 descrip-
1237 2071 1241 2078 ·

169 2161 361 2238 tiunculae
384 2163 555 2262 singulas
572 2163 719 2261 species
737 2163 984 2262 designantes
999 2165 1205 2240 visaevsunt
1256 2260 1268 2270 μ

167 2298 314 2392 passim
347 2298 468 2392 justo
485 2297 728 2396 prolixiores
761 2323 885 2394 quam
916 2324 1005 2394 quac
1034 2325 1085 2372 cx
1105 2307 1203 2370 'toto

166 2431 384 2506 transirent
410 2433 455 2506 in
480 2431 640 2530 phrases
663 2430 861 2528 specificas
880 2488 893 2524 ,
910 2465 911 2468 ¹
926 2457 1057 2528 neque
1083 2429 1205 2506 etiam

168 2567 359 2659 caracteri
389 2567 663 2664 quorumdam
690 2591 884 2665 generum
910 2566 1046 2642 nimiis
1071 2566 1204 2642 verbis

167 2696 332 2775 dilatato
353 2701 481 2774 defuit
500 2684 747 2797 vituperatio
753 2730 766 2794 ‚-
781 2689 971 2776 omnium
980 2723 1084 2775 ivero
1104 2725 1207 2798 oon-

167 2857 282 2908 sensu
293 2836 516 2910 maximam
530 2837 661 2933 operis
672 2834 816 2909 edendi
831 2833 1050 2910 utilitatem
1064 2809 1203 2930 explo-

166 2975 296 3038 ratam
319 2965 445 3038 habui
468 2995 476 3039 :
497 2967 608 3038 hunc
628 2953 726 3038 ideo
748 2963 910 3059 majoris
933 2963 1083 3040 laboris
1103 2992 1202 3065 pro-

164 3087 361 3174 dromum
381 3101 489 3197 typis
504 3100 761 3208 committere
779 3124 896 3174 ausus
917 3126 1016 3175 sum.

222 3249 329 3341 Quas
344 3249 653 3324 continetFlora
662 3219 1203 3346 Boreali-Americanaplan-

166 3396 247 3478 tas,
264 3411 316 3458 eae
333 3385 415 3460 fere
432 3409 570 3458 omnes
585 3383 745 3459 facilem
761 3383 999 3479 felicemque
1015 3383 1060 3456 in
1076 3383 1204 3467 hortis

112 3559 117 3567 ·
166 3519 360 3616 europaeis
373 3520 507 3594 subire
521 3527 688 3616 possunt
702 3515 906 3590 culturam
917 3544 928 3606 3
941 3515 1102 3612 jamque
1116 3544 1201 3594 non
1257 3589 1259 3596 .

95 3689 99 3698 ·
163 3680 301 3752 paucae
318 3657 362 3728 in
381 3656 464 3730 istis
479 3655 566 3732 laete
585 3653 722 3751 vigent
740 3663 831 3755 tum
852 3675 875 3724 a
891 3647 1057 3725 diversis
1071 3651 1202 3727 viato-

98 3787 103 3798 '
163 3787 276 3876 ribus
299 3813 429 3886 quum
450 3799 489 3887 et
509 3787 672 3862 uberius
695 3786 744 3859 ab
766 3784 851 3882 ipso
880 3793 1044 3858 auctore
1069 3785 1199 3860 intro-

74 3905 76 3912 ’
163 3920 320 3996 ductae:
342 3921 677 4024 horticultoribus
701 3919 854 3996 idcirco
877 3919 1029 4019 pariter
1053 3943 1098 4024 ac
1123 3920 1199 3994 bo-
