3050 4706
608 147 628 185 ἒ
740 196 741 202 ,

238 487 240 511 Ι
299 373 919 472 funeream-rumoros-
989 397 1004 530 r
1100 403 1142 466 a

2 541 26 594 ³
109 538 186 631 nisi
199 555 277 626 affe
290 534 394 620 uitat
410 533 579 616 lectasve
593 533 639 608 in
654 531 817 627 Floram
832 555 950 614 suam
967 528 1141 614 adduxit

106 673 214 750 uuas.
408 725 410 730 ,
525 735 540 769 .-
734 697 776 785 '‚
1087 691 1130 696 ..

162 825 323 918 Genera
335 790 917 923 ejusdemOrdinis,quantum
930 823 1141 924 salvit‘sys-

107 960 266 1034 tematis
288 957 610 1058 legibusliooitt
628 959 702 1032 sub
722 957 873 1032 vexillo
895 957 1139 1036 affinitatum

109 1084 381 1196 commilitant
392 1117 552 1173 necnon
566 1093 710 1190 passim
720 1077 975 1168 insectiones
987 1093 1139 1193 disper-

1 1298 3 1309 ,
109 1228 183 1301 tita
197 1238 327 1320 sunt,
351 1225 461 1300 unde
484 1225 536 1304 ad
563 1213 820 1321 disquisitum
844 1249 966 1323 genus
992 1228 1160 1303 clarior¹

109 1361 351 1458 breviorque
369 1369 478 1456 patet
499 1359 640 1434 aditus.
754 1376 757 1380 ’

166 1515 487 1612 Cyperacearum
502 1526 542 1587 et
557 1511 1164 1593 numerosiorGraminearum'

110 1649 338 1748 progenies,
353 1646 572 1745 multiplici
585 1647 805 1722 hominum
820 1648 1141 1750 animaliumque

111 1782 323 1856 commodo
334 1795 430 1856 nata
437 1781 704 1876 ,floristarum
719 1782 974 1857 exoticorum
988 1782 1141 1858 diutius
1180 1767 1183 1774 ’

110 1916 311 1990 incuriam
328 1941 439 2012 passa
452 1927 515 2016 ¹est
536 1915 795 1990 immeritam
813 1915 977 1992 Harum
996 1920 1142 2021 species

113 2048 311 2149 sagacibus
328 2046 661 2124 indefessinostri
680 2048 848 2125 viatoris
867 2027 1142 2148 indagationi-

56 2177 61 2198 *
113 2182 188 2255 bus
216 2181 413 2256 debentur
441 2181 683 2257 benemultae
719 2209 896 2281 quarum
927 2173 1144 2260 caracteres

83 2341 85 2344 ·
112 2326 299 2412 accurata
325 2313 475 2412 analysi
498 2315 722 2392 elaboravit
740 2317 1050 2414 compendiosos.
1070 2318 1143 2392 Ille

112 2449 235 2552 etiam
255 2450 550 2548 cryptogamica
562 2449 798 2548 vegetabilia
817 2449 982 2548 (omissis
999 2451 1150 2550 fungis>

111 2581 285 2657 studiose
308 2583 566 2681 comparavit
591 2582 735 2658 Filices
755 2583 806 2658 ad
830 2610 974 2683 genera
995 2586 1144 2660 Smithi

112 2715 282 2791 fuenmt
307 2717 449 2792 relatae.
471 2718 653 2792 Examen
677 2719 915 2794 Muscorum
941 2719 992 2794 ad
1022 2722 1146 2794 meri-

113 2847 256 2924 tissimi
285 2819 713 2950 Hedwigii.''n0rmam
739 2852 950 2951 diligenter
978 2837 1145 2928 institu-

116 2991 208 3056 tum
233 2993 297 3056 est
318 2983 548 3059 Lichenum
564 2984 763 3060 Ordinem
782 2997 828 3058 et.
843 2985 1146 3063 denominatio-

116 3141 215 3188 nem
241 3116 509 3214 suppeditavit
528 3119 729 3194 recentior
751 3119 959 3196 Acharius.

176 3269 396 3344 Nonnullae
417 3268 605 3368 quidem,
625 3283 672 3344 ut
693 3272 842 3366 audio,
863 3299 915 3348 ex
933 3227 1088 3373 ΡΙειηῑἹέἶ
1102 3277 1146 3348 in
1212 3351 1214 3362 ,

117 3401 240 3476 Flora
254 3371 676 3483 Boreali-Americdna
691 3395 952 3499 enumeratis,
969 3409 1042 3480 sub
1062 3408 1148 3483 aliis

1 3553 2 3600 ἐ
117 3533 516 3614 denominationibus
525 3551 706 3614 recenter
714 3539 963 3636 prodierunt.
973 3542 1149 3618 Verum-

118 3681 259 3746 tamen
279 3686 485 3748 auctorem
501 3701 524 3746 a
537 3672 704 3749 biennio
721 3672 923 3746 absentem
939 3673 1149 3751 detectoris

114 3806 228 3898 jura,
257 3807 396 3881 multis
419 3819 534 3906 parta
554 3806 759 3883 laboribus
781 3819 821 3880 et
839 3807 1050 3906 periculis,
1073 3812 1150 3884 sibi

1 3905 2 3986 l
117 3939 296 4036 retinere
317 3964 481 4054 aequum
503 3941 690 4017 omnibus
714 3939 929 4052 videbitur.
950 3944 1041 4035 Qua
1058 3941 1149 4018 ideo
